@InProceedings{rudnick-liu-gasser:2013:SemEval-2013,
  author    = {Rudnick, Alex  and  Liu, Can  and  Gasser, Michael},
  title     = {{HLTDI: CL-WSD Using Markov Random Fields for SemEval-2013 Task 10}},
  booktitle = {Second Joint Conference on Lexical and Computational Semantics (*SEM), Volume 2: Proceedings of the Seventh International Workshop on Semantic Evaluation (SemEval 2013)},
  year      = {2013},
}


@InProceedings{rudnick-gasser:2013:HyTra-2013,
  author    = {Rudnick, Alex and  Gasser, Michael},
  title     = {{Lexical Selection for Hybrid MT with Sequence Labeling}},
  booktitle = {Second Workshop on Hybrid Approaches to Translation (HyTra 2013)},
  year      = {2013},
}


@inproceedings{gasser:sxdg,
  author = {Michael Gasser},
  title = {{Towards synchronous Extensible Dependency Grammar}},
  booktitle = {International Workshop on Free/Open-Source Rule-Based Machine Translation},
  year = 2011,
}

@inproceedings{gasser:aflat2012,
  author = {Michael Gasser},
  title = {{Toward a Rule-Based System for English-Amharic Translation}},
  booktitle = {LREC-2012: SALTMIL-AfLaT Workshop on “Language technology for normalisation of less-resourced languages”},
  year = 2012,
}

@INPROCEEDINGS{Brown91word-sensedisambiguation,
    author = {Peter F. Brown and Stephen A. Della Pietra and Vincent J. Della Pietra and Robert L. Mercer},
    title = {{Word-Sense Disambiguation Using Statistical Methods}},
    booktitle = {Proceedings of the 29th Annual Meeting of the Association for Computational Linguistics},
    year = {1991},
    pages = {264--270}
}

@InProceedings{rudnick:2011:RANLPStud,
  author    = {Rudnick, Alex},
  title     = {{Towards Cross-Language Word Sense Disambiguation for Quechua}},
  booktitle = {Proceedings of the Second Student Research Workshop associated with RANLP 2011},
  month     = {September},
  year      = {2011},
  address   = {Hissar, Bulgaria},
  publisher = {RANLP 2011 Organising Committee},
  pages     = {133--138},
  url       = {http://aclweb.org/anthology/R11-2021}
}

@InProceedings{lefever-hoste-decock:2011:ACL-HLT2011,
  author    = {Lefever, Els  and  Hoste, V\'{e}ronique  and  De Cock, Martine},
  title     = {{ParaSense or How to Use Parallel Corpora for Word Sense Disambiguation}},
  booktitle = {Proceedings of the 49th Annual Meeting of the Association for Computational Linguistics: Human Language Technologies},
  month     = {June},
  year      = {2011},
  address   = {Portland, Oregon, USA},
  publisher = {Association for Computational Linguistics},
  pages     = {317--322},
  url       = {http://www.aclweb.org/anthology/P11-2055}
}

@article{weavermemo,
  title={Translation},
  author={Weaver, Warren},
  year={1949},
}

@inbook{wsdchap3,
  author = {Nancy Ide and Yorick Wilks},
  chapter = {{Making Sense About Sense}},
  crossref = {agirre2006word}
}

@book{agirre2006word,
  title={Word sense disambiguation: Algorithms and applications},
  author={Agirre, Eneko and Edmonds, Philip Glenny},
  volume={33},
  year={2006},
  publisher={Springer Science+ Business Media}
}

@InProceedings{task10,
  author    = {Lefever, Els and Hoste, V\'{e}ronique},
  title     = {{SemEval-2013 Task 10: Cross-Lingual Word Sense Disambiguation}},
  booktitle = {Proceedings of the 7th International Workshop on Semantic Evaluation (SemEval 2013)},
  address   = {Atlanta, USA},
  year      = {2013},
}

