@InProceedings{rudnick-liu-gasser:2013:SemEval-2013,
  author    = {Rudnick, Alex  and  Liu, Can  and  Gasser, Michael},
  title     = {{HLTDI: CL-WSD Using Markov Random Fields for SemEval-2013 Task 10}},
  booktitle = {Second Joint Conference on Lexical and Computational Semantics (*SEM), Volume 2: Proceedings of the Seventh International Workshop on Semantic Evaluation (SemEval 2013)},
  year      = {2013},
}

@InProceedings{rudnick-gasser:2013:HyTra,
  author    = {Rudnick, Alex  and  Gasser, Michael},
  title     = {Lexical Selection for Hybrid MT with Sequence Labeling},
  booktitle = {Proceedings of the Second Workshop on Hybrid Approaches to Translation},
  month     = {August},
  year      = {2013},
  address   = {Sofia, Bulgaria},
  publisher = {Association for Computational Linguistics},
  pages     = {102--108},
  url       = {http://www.aclweb.org/anthology/W13-2815}
}

@inproceedings{gasser:sxdg,
  author = {Michael Gasser},
  title = {{Towards synchronous Extensible Dependency Grammar}},
  booktitle = {International Workshop on Free/Open-Source Rule-Based Machine Translation},
  year = 2011,
}

@inproceedings{gasser:aflat2012,
  author = {Michael Gasser},
  title = {{Toward a Rule-Based System for English-Amharic Translation}},
  booktitle = {LREC-2012: SALTMIL-AfLaT Workshop on “Language technology for normalisation of less-resourced languages”},
  year = 2012,
}


@inproceedings{rudnick:saltmil2014,
  author = {Alex Rudnick and Annette Rios and Michael Gasser},
  title = {{Enhancing a Rule-Based MT System with Cross-Lingual WSD}},
  booktitle = {{The 9th International Workshop of the Special Interest Group on Speech and Language Technology for Minority Languages (SaLTMiL 2014)}},
  year = 2012,
}

@INPROCEEDINGS{Brown91word-sensedisambiguation,
    author = {Peter F. Brown and Stephen A. Della Pietra and Vincent J. Della Pietra and Robert L. Mercer},
    title = {{Word-Sense Disambiguation Using Statistical Methods}},
    booktitle = {Proceedings of the 29th Annual Meeting of the Association for Computational Linguistics},
    year = {1991},
    pages = {264--270}
}

@InProceedings{rudnick:2011:RANLPStud,
  author    = {Rudnick, Alex},
  title     = {{Towards Cross-Language Word Sense Disambiguation for Quechua}},
  booktitle = {Proceedings of the Second Student Research Workshop associated with RANLP 2011},
  month     = {September},
  year      = {2011},
  address   = {Hissar, Bulgaria},
  publisher = {RANLP 2011 Organising Committee},
  pages     = {133--138},
  url       = {http://aclweb.org/anthology/R11-2021}
}

@InProceedings{lefever-hoste-decock:2011:ACL-HLT2011,
  author    = {Lefever, Els  and  Hoste, Véronique  and  De Cock, Martine},
  title     = {{ParaSense or How to Use Parallel Corpora for Word Sense Disambiguation}},
  booktitle = {Proceedings of the 49th Annual Meeting of the Association for Computational Linguistics: Human Language Technologies},
  month     = {June},
  year      = {2011},
  address   = {Portland, Oregon, USA},
  publisher = {Association for Computational Linguistics},
  pages     = {317--322},
  url       = {http://www.aclweb.org/anthology/P11-2055}
}

@article{weavermemo,
  title={Translation},
  author={Weaver, Warren},
  year={1949},
}

@incollection{resnikwsdapplications,
  title={{WSD in NLP Applications}},
  author={Resnik, Philip},
  booktitle={{Word Sense Disambiguation: Algorithms and Applications}},
  year={2006},
  publisher={Springer Science+ Business Media}
}

@book{agirre2006word,
  title={{Word Sense Disambiguation: Algorithms and Applications}},
  author={Agirre, Eneko and Edmonds, Philip Glenny},
  volume={33},
  year={2006},
  publisher={Springer Science+ Business Media}
}

@InProceedings{task10,
  author    = {Lefever, Els and Hoste, V\'{e}ronique},
  title     = {{SemEval-2013 Task 10: Cross-Lingual Word Sense Disambiguation}},
  booktitle = {Proceedings of the 7th International Workshop on Semantic Evaluation (SemEval 2013)},
  address   = {Atlanta, USA},
  year      = {2013},
}

@InProceedings{lefever-hoste:2010:SemEval,
  author    = {Lefever, Els  and  Hoste, V\'{e}ronique},
  title     = {{SemEval-2010 Task 3: Cross-Lingual Word Sense Disambiguation}},
  booktitle = {Proceedings of the 5th International Workshop on Semantic Evaluation},
  month     = {July},
  year      = {2010},
  address   = {Uppsala, Sweden},
  publisher = {Association for Computational Linguistics},
  pages     = {15--20},
  url       = {http://www.aclweb.org/anthology/S10-1003}
}

@InProceedings{carpuat-wu:2007:EMNLP-CoNLL2007,
  author    = {Carpuat, Marine  and  Wu, Dekai},
  title     = {Improving Statistical Machine Translation Using Word Sense Disambiguation},
  booktitle = {Proceedings of the 2007 Joint Conference on Empirical Methods in Natural Language Processing and Computational Natural Language Learning (EMNLP-CoNLL)},
  pages     = {61--72},
  year      = 2007,
  url       = {http://www.aclweb.org/anthology/D/D07/D07-1007}
}

@article{carpuat2008evaluation,
  title={Evaluation of context-dependent phrasal translation lexicons for statistical machine translation},
  author={Carpuat, Marine and Wu, Dekai},
  journal={6th International Conference on Language Resources and Evaluation (LREC). Marrakech},
  year={2008}
}

@inproceedings{tyers-fst, 
  author = {Tyers, F. M. and S\'anchez-Mart\'inez, F. and Forcada, M. L.},
  year = {2012},
  title = {{Flexible finite-state lexical selection for rule-based machine translation}},
  booktitle = {{Proceedings of the 17th Annual Conference of the European Association of Machine Translation, EAMT12}},
}

@inproceedings{ambati_naacl,
 author = {Ambati, Vamshi and Vogel, Stephan},
 title = {Can crowds build parallel corpora for machine translation systems?},
 booktitle = {Proceedings of the NAACL HLT 2010 Workshop on Creating Speech and Language Data with Amazon's Mechanical Turk},
 year = {2010},
 location = {Los Angeles, California},
 publisher = {Association for Computational Linguistics},
 address = {Stroudsburg, PA, USA},
} 

@InProceedings{ambati_act,
  author    = {Vamshi Ambati and Stephan Vogel and Jaime Carbonell},
  title     = {Active Learning and Crowd-Sourcing for Machine Translation},
  booktitle = {Proceedings of the LREC 2010},
  month     = {May},
  year      = {2010},
  address   = {Malta}
}

@InProceedings{ambati-vogel-carbonell:2010:Short,
  author    = {Ambati, Vamshi  and  Vogel, Stephan  and  Carbonell, Jaime},
  title     = {Active Learning-Based Elicitation for Semi-Supervised Word Alignment},
  booktitle = {Proceedings of the ACL 2010 Conference Short Papers},
  month     = {July},
  year      = {2010},
  address   = {Uppsala, Sweden},
  publisher = {Association for Computational Linguistics},
  pages     = {365--370},
  url       = {http://www.aclweb.org/anthology/P10-2067}
}

@InProceedings{guo-diab:2010:SemEval,
  author    = {Guo, Weiwei  and  Diab, Mona},
  title     = {{COLEPL and COLSLM: An Unsupervised WSD Approach to Multilingual Lexical Substitution, Tasks 2 and 3 SemEval 2010}},
  booktitle = {Proceedings of the 5th International Workshop on Semantic Evaluation},
  month     = {July},
  year      = {2010},
  address   = {Uppsala, Sweden},
  publisher = {Association for Computational Linguistics},
  pages     = {129--133},
  url       = {http://www.aclweb.org/anthology/S10-1026}
}

@InProceedings{maarten,
  author    = {Maarten van Gompel and Antal van den Bosch},
  title     = {{WSD2: Parameter optimisation for Memory-based Cross-Lingual Word-Sense Disambiguation}},
  booktitle = {Proceedings of the 7th International Workshop on Semantic Evaluation (SemEval 2013)},
  address   = {Atlanta, USA},
  year      = {2013},
}

@InProceedings{marine,
  author    = {Marine Carpuat},
  title     = {{NRC: A Machine Translation Approach to Cross-Lingual Word Sense Disambiguation (SemEval-2013 Task 10)}},
  booktitle = {Proceedings of the 7th International Workshop on Semantic Evaluation (SemEval 2013)},
  address   = {Atlanta, USA},
  year      = {2013},
}

@article{DBLP:journals/csur/Navigli09,
  author    = {Roberto Navigli},
  title     = {{Word sense disambiguation: A survey}},
  journal   = {ACM Comput. Surv.},
  volume    = {41},
  number    = {2},
  year      = {2009},
  ee        = {http://doi.acm.org/10.1145/1459352.1459355},
  bibsource = {DBLP, http://dblp.uni-trier.de}
}

@inproceedings{improvingsmtwsd,
 author = {Marine Carpuat and Dekai Wu},
 title = {{Improving Statistical Machine Translation using Word Sense Disambiguation}},
 booktitle = {Proceedings of the 2007 Joint Conference on Empirical Methods in Natural Language Processing and Computational Natural Language Learning},
 year = {2007},
 location = {Prague},
 publisher = {ACL},
 }

@inproceedings{carpuatpsd,
    author = {Marine Carpuat and Dekai Wu},
    title = {{How Phrase Sense Disambiguation Outperforms Word Sense Disambiguation for Statistical Machine Translation}},
    booktitle = {11th Conference on Theoretical and Methodological Issues in Machine Translation},
    year = {2007},
}

@InProceedings{carpuat-wu:2005:ACL,
  author    = {Carpuat, Marine  and  Wu, Dekai},
  title     = {{Word Sense Disambiguation vs. Statistical Machine Translation}},
  booktitle = {Proceedings of the 43rd Annual Meeting of the Association for Computational Linguistics (ACL'05)},
  month     = {June},
  year      = {2005},
  address   = {Ann Arbor, Michigan},
  publisher = {Association for Computational Linguistics},
  pages     = {387--394},
  url       = {http://www.aclweb.org/anthology/P05-1048},
  doi       = {10.3115/1219840.1219888}
}

@book{nltkbook, 
  author = {Steven Bird and Ewan Klein and Edward Loper}, 
  title = {{Natural Language Processing with Python}}, 
  publisher = {O'Reilly Media}, 
  year = 2009 
} 

@InProceedings{denero-klein:2007:ACLMain,
  author    = {DeNero, John  and  Klein, Dan},
  title     = {{Tailoring Word Alignments to Syntactic Machine Translation}},
  booktitle = {Proceedings of the 45th Annual Meeting of the Association of Computational Linguistics},
  month     = {June},
  year      = {2007},
  address   = {Prague, Czech Republic},
  publisher = {Association for Computational Linguistics},
  pages     = {17--24},
  url       = {http://www.aclweb.org/anthology/P07-1003}
}

@Unpublished{daume04cg-bfgs,
  author =       {Hal {Daum\'e III}},
  title =        {Notes on {CG} and {LM-BFGS} Optimization of Logistic Regression},
  month =     {August},
  keywords = {ml},
  year =      {2004}
}

@INPROCEEDINGS{Toutanova03feature-richpart-of-speech,
    author = {Kristina Toutanova and Dan Klein and Christopher D. Manning and Yoram Singer},
    title = {{Feature-Rich Part-of-Speech Tagging with a Cyclic Dependency Network}},
    booktitle = {PROCEEDINGS OF HLT-NAACL },
    year = {2003},
    pages = {252--259},
    publisher = {}
}

@INPROCEEDINGS{Schmid95improvementsin,
    author = {Helmut Schmid},
    title = {{Improvements In Part-of-Speech Tagging With an Application To German}},
    booktitle = {Proceedings of the ACL SIGDAT-Workshop},
    year = {1995},
    pages = {47--50}
}

@INPROCEEDINGS{europarl,
    author = {Philipp Koehn},
    title = {{Europarl: A Parallel Corpus for Statistical Machine Translation}},
    booktitle = {Proceedings of The Tenth Machine Translation Summit},
    year = {2005},
    address = {Phuket, Thailand},
}

@inproceedings{DBLP:conf/uai/MurphyWJ99,
  author    = {Kevin P. Murphy and
               Yair Weiss and
               Michael I. Jordan},
  title     = {{Loopy Belief Propagation for Approximate Inference: An Empirical Study}},
  booktitle = {UAI '99: Proceedings of the Fifteenth Conference on Uncertainty in Artificial Intelligence},
  year      = {1999},
  address = {Stockholm, Sweden},
}

@book{Koller+Friedman:09,
  title = {{Probabilistic Graphical Models: Principles and Techniques}},
  author = {D. Koller and N. Friedman},
  year = 2009,
  publisher = {MIT Press},
}

@InProceedings{post-callisonburch-osborne:2012:WMT,
  author    = {Post, Matt  and  Callison-Burch, Chris  and  Osborne, Miles},
  title     = {Constructing Parallel Corpora for Six Indian Languages via Crowdsourcing},
  booktitle = {Proceedings of the Seventh Workshop on Statistical Machine Translation},
  month     = {June},
  year      = {2012},
  address   = {Montr{\'e}al, Canada},
  publisher = {Association for Computational Linguistics},
  pages     = {401--409},
  url       = {http://www.aclweb.org/anthology/W12-3152}
}

@InProceedings{dyer-EtAl:2010:Demos,
  author    = {Dyer, Chris  and  Lopez, Adam  and  Ganitkevitch, Juri  and  Weese, Jonathan  and  Ture, Ferhan  and  Blunsom, Phil  and  Setiawan, Hendra  and  Eidelman, Vladimir  and  Resnik, Philip},
  title     = {cdec: A Decoder, Alignment, and Learning Framework for Finite-State and Context-Free Translation Models},
  booktitle = {Proceedings of the ACL 2010 System Demonstrations},
  month     = {July},
  year      = {2010},
  address   = {Uppsala, Sweden},
  publisher = {Association for Computational Linguistics},
  pages     = {7--12},
  url       = {http://www.aclweb.org/anthology/P10-4002}
}

@InProceedings{toutanova-suzuki-ruopp:2008:ACLMain,
  author    = {Toutanova, Kristina  and  Suzuki, Hisami  and  Ruopp, Achim},
  title     = {Applying Morphology Generation Models to Machine Translation},
  booktitle = {Proceedings of ACL-08: HLT},
  month     = {June},
  year      = {2008},
  address   = {Columbus, Ohio},
  publisher = {Association for Computational Linguistics},
  pages     = {514--522},
  url       = {http://www.aclweb.org/anthology/P/P08/P08-1059}
}

@InProceedings{vintar-fivser-vrvsvcaj:2012:ESIRMT-HyTra2012,
  author    = {Vintar, \v{S}pela  and  Fi\v{s}er, Darja  and  Vr\v{s}\v{c}aj, Aljo\v{s}a},
  title     = {Were the clocks striking or surprising? Using WSD to improve MT performance},
  booktitle = {Proceedings of the Joint Workshop on Exploiting Synergies between Information Retrieval and Machine Translation (ESIRMT) and Hybrid Approaches to Machine Translation (HyTra)},
  month     = {April},
  year      = {2012},
  address   = {Avignon, France},
  publisher = {Association for Computational Linguistics},
  pages     = {87--92},
  url       = {http://www.aclweb.org/anthology/W12-0112}
}

@inproceedings{DBLP:conf/iberamia/MolinaPS02,
  author    = {Antonio Molina and
               Ferran Pla and
               Encarna Segarra},
  title     = {{A Hidden Markov Model Approach to Word Sense Disambiguation}},
  booktitle = {IBERAMIA},
  year      = {2002},
  ee        = {http://dx.doi.org/10.1007/3-540-36131-6_67},
}


@inproceedings{molina-pla-segarra:2004:Senseval-3,
  author    = {Molina, Antonio  and  Pla, Ferran  and  Segarra, Encarna},
  title     = {{WSD system based on specialized Hidden Markov Model (upv-shmm-eaw)}},
  booktitle = {Senseval-3: Third International Workshop on the Evaluation of Systems for the Semantic Analysis of Text},
  editor = {Rada Mihalcea and Phil Edmonds},
  year      = 2004,
  month     = {July},
  address   = {Barcelona, Spain},
  publisher = {Association for Computational Linguistics},
  pages     = {171--174}
}

@InProceedings{riosgonzales-gohring:2013:HyTra,
  author    = {Rios Gonzales, Annette  and  G\"{o}hring, Anne},
  title     = {{Machine Learning Disambiguation of Quechua Verb Morphology}},
  booktitle = {Proceedings of the Second Workshop on Hybrid Approaches to Translation},
  month     = {August},
  year      = {2013},
  address   = {Sofia, Bulgaria},
  publisher = {Association for Computational Linguistics},
  pages     = {13--18},
  url       = {http://www.aclweb.org/anthology/W13-2804}
}

@book{slp1,
 author = {Jurafsky, Daniel and Martin, James H.},
 title = {{Speech and Language Processing: An Introduction to Natural Language Processing, Computational Linguistics, and Speech Recognition}},
 year = {2000},
 isbn = {0130950696},
 edition = {1st},
 publisher = {Prentice Hall PTR},
 address = {Upper Saddle River, NJ, USA},
} 

@inproceedings{icml00/mccallum,
  author = {McCallum, Andrew and Freitag, Dayne and Pereira, Fernando C. N.},
  booktitle = {Proceedings of the 17th International Conference on Machine Learning (ICML 2000)},
  pages = {591--598},
  title = {{Maximum Entropy Markov Models for Information Extraction and Segmentation}},
  year = 2000
}

@article{lafferty2001conditional,
  title={Conditional random fields: Probabilistic models for segmenting and labeling sequence data},
  author={Lafferty, John and McCallum, Andrew and Pereira, Fernando CN},
  year={2001}
}

@book{hutchins1992introduction,
  title={An introduction to machine translation},
  author={Hutchins, W.J. and Somers, H.L.},
  isbn={9780123628305},
  url={http://books.google.com/books?id=0ZhrAAAAIAAJ},
  year=1992,
  publisher={Academic Press}
}

@INPROCEEDINGS{Forcada_theapertium,
    author = {Mikel L. Forcada and Francis M. Tyers and Gema Ramírez-Sánchez},
    title = {{The Apertium machine translation platform: five years on}},
    booktitle = {{First International Workshop on Free/Open-Source Rule-Based Machine Translation 2009}},
    year = 2009,
}

@inproceedings{matxin2005,
    author = {I{\~n}aki Alegria and Arantza Diaz de Ilarraza and Gorka Labaka and Mikel Lersundi and Aingeru Mayor and Kepa Sarasola and Mikel L.  Forcada and Sergio Ortiz Rojas and Lluís Padró},
    year = 2005,
    title = {{An Open Architecture for Transfer-based Machine Translation between Spanish and Basque}},
    booktitle = {{Workshop on Open-source machine translation at Machine Translation Summit X}}
}

@inproceedings{DBLP:conf/cicling/Lavie08,
  author    = {Alon Lavie},
  title     = {{Stat-XFER: A General Search-Based Syntax-Driven Framework for Machine Translation}},
  booktitle = {CICLing},
  year      = {2008},
  pages     = {362-375},
}

@InProceedings{weese-EtAl:2011:WMT,
  author    = {Weese, Jonathan  and  Ganitkevitch, Juri  and  Callison-Burch, Chris  and  Post, Matt  and  Lopez, Adam},
  title     = {Joshua 3.0: Syntax-based Machine Translation with the Thrax Grammar Extractor},
  booktitle = {Proceedings of the Sixth Workshop on Statistical Machine Translation},
  month     = {July},
  year      = {2011},
  address   = {Edinburgh, Scotland},
  publisher = {Association for Computational Linguistics},
  pages     = {478--484},
  url       = {http://www.aclweb.org/anthology/W11-2160}
}

@InProceedings{saers-addanki-wu:2013:HyTra,
  author    = {Saers, Markus  and  Addanki, Karteek  and  Wu, Dekai},
  title     = {Unsupervised Transduction Grammar Induction via Minimum Description Length},
  booktitle = {Proceedings of the Second Workshop on Hybrid Approaches to Translation},
  month     = {August},
  year      = {2013},
  address   = {Sofia, Bulgaria},
  publisher = {Association for Computational Linguistics},
  pages     = {67--73},
  url       = {http://www.aclweb.org/anthology/W13-2810}
}

@InProceedings{zollmann-venugopal:2006:WMT,
  author    = {Zollmann, Andreas  and  Venugopal, Ashish},
  title     = {Syntax Augmented Machine Translation via Chart Parsing},
  booktitle = {Proceedings on the Workshop on Statistical Machine Translation},
  month     = {June},
  year      = {2006},
  address   = {New York City},
  publisher = {Association for Computational Linguistics},
  pages     = {138--141},
  url       = {http://www.aclweb.org/anthology/W/W06/W06-3119}
}

@InProceedings{och:2003:ACL,
  author    = {Franz Josef Och},
  title     = {Minimum Error Rate Training in Statistical Machine Translation},
  booktitle = {Proceedings of the 41st Annual Meeting of the Association for Computational Linguistics},
  month     = {July},
  year      = {2003},
  address   = {Sapporo, Japan},
  publisher = {Association for Computational Linguistics},
  pages     = {160--167},
  url       = {http://www.aclweb.org/anthology/P03-1021},
  doi       = {10.3115/1075096.1075117}
}

@inproceedings{barhillel1960,
  title={{The Present Status of Automatic Translation of Languages}},
  author={Yehoshua Bar-Hillel},
  year={1960},
}

@article{majid2007semantic,
  title={The semantic categories of cutting and breaking events: A crosslinguistic perspective},
  author={Majid, Asifa and Bowerman, Melissa and Staden, Miriam van and Boster, James S},
  journal={Cognitive Linguistics},
  volume={18},
  number={2},
  pages={133--152},
  year={2007}
}

@InProceedings{chahuneau-EtAl:2013:EMNLP,
  author    = {Chahuneau, Victor  and  Schlinger, Eva  and  Smith, Noah A.  and  Dyer, Chris},
  title     = {Translating into Morphologically Rich Languages with Synthetic Phrases},
  booktitle = {Proceedings of the 2013 Conference on Empirical Methods in Natural Language Processing},
  month     = {October},
  year      = {2013},
  address   = {Seattle, Washington, USA},
  publisher = {Association for Computational Linguistics},
  pages     = {1677--1687},
  url       = {http://www.aclweb.org/anthology/D13-1174}
}

@article{DBLP:journals/pbml/SchlingerCD13,
  author    = {Eva Schlinger and
               Victor Chahuneau and
               Chris Dyer},
  title     = {{morphogen: Translation into Morphologically Rich Languages with Synthetic Phrases}},
  journal   = {The Prague Bulletin of Mathematical Linguistics},
  volume    = {100},
  year      = {2013},
  pages     = {51-62},
  ee        = {http://ufal.mff.cuni.cz/pbml/100/art-schlinger-chahuneau-dyer.pdf},
  bibsource = {DBLP, http://dblp.uni-trier.de}
}

@inproceedings{chahuneau:2013:emnlp,
  author    = {Victor Chahuneau and Eva Schlinger and Noah A. Smith and Chris Dyer},
  title     = {Translating into Morphologically Rich Languages with Synthetic Phrases},
  booktitle = {Proc. of EMNLP},
  year      = {2013}
}

@InProceedings{yeniterzi-oflazer:2010:ACL,
  author    = {Yeniterzi, Reyyan  and  Oflazer, Kemal},
  title     = {{Syntax-to-Morphology Mapping in Factored Phrase-Based Statistical Machine Translation from English to Turkish}},
  booktitle = {Proceedings of the 48th Annual Meeting of the Association for Computational Linguistics},
  month     = {July},
  year      = {2010},
  address   = {Uppsala, Sweden},
  publisher = {Association for Computational Linguistics},
  pages     = {454--464},
  url       = {http://www.aclweb.org/anthology/P10-1047}
}

@article{brown1992class,
  title={{Class-based n-gram Models of Natural Language}},
  author={Brown, Peter F and Desouza, Peter V and Mercer, Robert L and Pietra, Vincent J Della and Lai, Jenifer C},
  journal={Computational linguistics},
  volume={18},
  number={4},
  pages={467--479},
  year={1992},
  publisher={MIT Press}
}
 
@unpublished{McCallumMALLET,
  author = "Andrew Kachites McCallum",
  title = "MALLET: A Machine Learning for Language Toolkit",
  note = "http://mallet.cs.umass.edu",
  year = 2002
}

@InProceedings{vzabokrtsky-popel-marevcek:2010:WMT,
  author    = {Žabokrtsk\'{y}, Zden\v{e}k  and  Popel, Martin  and  Mare\v{c}ek, David},
  title     = {Maximum Entropy Translation Model in Dependency-Based MT Framework},
  booktitle = {Proceedings of the Joint Fifth Workshop on Statistical Machine Translation and MetricsMATR},
  month     = {July},
  year      = {2010},
  address   = {Uppsala, Sweden},
  publisher = {Association for Computational Linguistics},
  pages     = {201--206},
  url       = {http://www.aclweb.org/anthology/W10-1730}
}

@book{koehn2010statistical,
  title={Statistical Machine Translation},
  author={Philipp Koehn},
  isbn={9780521874151},
  lccn={2010294134},
  year={2010},
  publisher={Cambridge University Press}
}

@inproceedings{Heafield-estimate,
  author = {Kenneth Heafield and Ivan Pouzyrevsky and Jonathan H. Clark and Philipp Koehn},
  title = {Scalable Modified {Kneser-Ney} Language Model Estimation},
  year = {2013},
  month = {August},
  booktitle = {Proceedings of the 51st Annual Meeting of the Association for Computational Linguistics},
  address = {Sofia, Bulgaria},
  url = {http://kheafield.com/professional/edinburgh/estimate\_paper.pdf},
}

@article{DBLP:journals/lre/ResnikOD99,
  author    = {Philip Resnik and
               Mari Broman Olsen and
               Mona T. Diab},
  title     = {The Bible as a Parallel Corpus: Annotating the 'Book of 2000 Tongues'},
  journal   = {Computers and the Humanities},
  volume    = {33},
  number    = {1-2},
  year      = {1999},
  pages     = {129-153},
  ee        = {http://dx.doi.org/10.1023/A:1001798929185},
  bibsource = {DBLP, http://dblp.uni-trier.de}
}

@inproceedings{MAYER14.220.L14-1215,
    author = {Thomas Mayer and Michael Cysouw},
    url = {http://www.lrec-conf.org/proceedings/lrec2014/pdf/220_Paper.pdf},
    note = {ACL Anthology Identifier: L14-1215},
    title = {Creating a massively parallel Bible corpus},
    booktitle = {Proceedings of the Ninth International Conference on Language Resources and Evaluation (LREC'14)},
    year = {2014},
    month = {May},
    date = {26-31},
    address = {Reykjavik, Iceland},
    editor = {Nicoletta Calzolari and Khalid Choukri and Thierry Declerck and Hrafn Loftsson and Bente Maegaard and Joseph Mariani and Asuncion Moreno and Jan Odijk and Stelios Piperidis},
    publisher = {European Language Resources Association (ELRA)},
    isbn = {978-2-9517408-8-4},
    language = {english},
    pages = {3158--3163}
    }

@mastersthesis{Liang05semi-supervisedlearning,
  author = {Percy Liang},
  title = {Semi-supervised learning for natural language},
  year = 2005,
  school = {MIT}
}

@article{scikit-learn,
 title={Scikit-learn: Machine Learning in {P}ython},
 author={Pedregosa, F. and Varoquaux, G. and Gramfort, A. and Michel, V.
         and Thirion, B. and Grisel, O. and Blondel, M. and Prettenhofer, P.
         and Weiss, R. and Dubourg, V. and Vanderplas, J. and Passos, A. and
         Cournapeau, D. and Brucher, M. and Perrot, M. and Duchesnay, E.},
 journal={Journal of Machine Learning Research},
 volume={12},
 pages={2825--2830},
 year={2011}
}

@Article{amtrup:03,
  author =      {Jan Amtrup},
  title =      {Morphology in Machine Translation Systems: Efficient
                      Integration of Finite State Transducers and Feature Structure Descriptions},
  journal =      {Machine Translation},
  year =      {2003},
  volume =      {18},
}

@Book{beesley+karttunen,
  author =     "Kenneth R.~Beesley and Lauri Karttunen",
  title =     "Finite State Morphology",
  publisher =     "CSLI Publications",
  year =     "2003",
}

@InProceedings{gasser:eacl09,
  author =      {Michael Gasser},
  title =      {Semitic morphological analysis and generation using
                      finite state transducers with feature structures},
  booktitle = {Proceedings of the 12th {C}onference of the {E}uropean
                      {C}hapter of the {ACL}},
  year =      {2009},
}

@InProceedings{resnik:aaai,
  author={Resnik, Philip},
  title={{{Evaluating Multilingual Gisting of Web Pages}}},
  year={1997},
  booktitle = {{AAAI Symposium on Natural Language Processing for the World Wide Web}},
}

@inproceedings{DBLP:conf/icml/LaffertyMP01,
  author    = {John D. Lafferty and
               Andrew McCallum and
               Fernando C. N. Pereira},
  title     = {{Conditional Random Fields: Probabilistic Models for Segmenting
                and Labeling Sequence Data}},
  booktitle = {ICML},
  year      = {2001},
}

@inproceedings{DBLP:conf/amta/Moore02,
  author    = {Robert C. Moore},
  title     = {Fast and Accurate Sentence Alignment of Bilingual Corpora},
  booktitle = {AMTA},
  year      = {2002},
  pages     = {135-144},
  ee        = {http://dx.doi.org/10.1007/3-540-45820-4_14},
  bibsource = {DBLP, http://dblp.uni-trier.de}
}

@phdthesis{tyers-dissertation,
  author    = {Tyers, F. M.},
  title     = {Feasible lexical selection for rule-based machine translation},
  school    = {Departament de Llenguatges i Sistemes Infomàtics, Universitat d'Alacant },
  year      = 2013
}

@article{matxin,
  year={2011},
  issn={0922-6567},
  journal={Machine Translation},
  volume={25},
  number={1},
  title={Matxin, an open-source rule-based machine translation system for Basque},
  author={Mayor, Aingeru and Alegria, Iñaki and Díaz de Ilarraza, Arantza and Labaka, Gorka and Lersundi, Mikel and Sarasola, Kepa},
  pages={53-82},
}

@inproceedings{rios2009quechua,
  title={A Quechua--Spanish parallel treebank},
  author={Rios, Annette and Göhring, Anne and Volk, Martin},
  booktitle={Proceedings of 7th Workshop on Treebanks and Linguistic Theories (TLT-7), Groningen},
  year={2009}
}


@inproceedings{padro12,
author="Lluís Padró and Evgeny Stanilovsky",
title="FreeLing 3.0: Towards Wider Multilinguality",
booktitle="Proceedings of the Language Resources and Evaluation Conference (LREC 2012)",
organization="ELRA",
address="Istanbul, Turkey",
year="2012",
}

@inproceedings{lavergne2010practical,
  author    = {Lavergne, Thomas and Capp\'{e}, Olivier and Yvon, Fran\c{c}ois},
  title     = {Practical Very Large Scale {CRFs}},
  booktitle = {Proceedings the 48th Annual Meeting of the Association for
            Computational Linguistics ({ACL})},
  year      = {2010},
  location  = {Uppsala, Sweden},
  url       = {http://www.aclweb.org/anthology/P10-1052}
}

@InProceedings{attardi-EtAl:2007:EMNLP-CoNLL2007,
  author    = {Attardi, Giuseppe  and  Dell'Orletta, Felice  and  Simi, Maria  and  Chanev, Atanas  and  Ciaramita, Massimiliano},
  title     = {Multilingual Dependency Parsing and Domain Adaptation using {DeSR}},
  booktitle = {Proceedings of the CoNLL Shared Task Session of EMNLP-CoNLL 2007},
  pages     = {1112--1118},
  url       = {http://www.aclweb.org/anthology/D/D07/D07-1119},
  year      = 2007,
}

@InProceedings{turian-ratinov-bengio:2010:ACL,
  author    = {Turian, Joseph  and  Ratinov, Lev-Arie  and  Bengio, Yoshua},
  title     = {Word Representations: A Simple and General Method for Semi-Supervised Learning},
  booktitle = {Proceedings of the 48th Annual Meeting of the Association for Computational Linguistics},
  year      = {2010},
  address   = {Uppsala, Sweden},
  pages     = {384--394},
  url       = {http://www.aclweb.org/anthology/P10-1040}
}

@article{salzberg1997comparing,
  title={On comparing classifiers: Pitfalls to avoid and a recommended approach},
  author={Salzberg, Steven L},
  journal={Data mining and knowledge discovery},
  volume={1},
  number={3},
  pages={317--328},
  year={1997},
  publisher={Springer}
}

@book{academiamayor,
  author ={{Academia Mayor de La Lengua Quechua}},
  title={Diccionario: Quechua - Español - Quechua, Qheswa - Español - Qheswa: Simi Taqe, 2da ed.},
  year={2005},
  address = {Cusco, Perú}
}

@inproceedings{RIOS12.350.L12-1169,
    author = {Annette Rios and Anne G{\"o}hring},
    url = {http://www.lrec-conf.org/proceedings/lrec2012/pdf/350_Paper.pdf},
    note = {ACL Anthology Identifier: L12-1169},
    title = {A tree is a Baum is an {\'a}rbol is a sach'a: Creating a trilingual treebank},
    booktitle = {Proceedings of the Eighth International Conference on Language Resources and Evaluation (LREC-2012)},
    year = {2012},
    month = {May},
    address = {Istanbul, Turkey},
    editor = {Nicoletta Calzolari and Khalid Choukri and Thierry Declerck and Mehmet U\u{g}ur Do\u{g}an and Bente Maegaard and Joseph Mariani and Jan Odijk and Stelios Piperidis},
    publisher = {European Language Resources Association (ELRA)},
    isbn = {978-2-9517408-7-7},
    language = {English},
    pages = {1874--1879}
}

@book{minsky1988society,
  title={Society Of Mind},
  author={Minsky, M.},
  isbn={9780671657130},
  lccn={86020322},
  series={Touchstone book},
  url={http://books.google.com/books?id=bLDLllfRpdkC},
  year={1988},
  publisher={Simon \& Schuster}
}

@InProceedings{RUDNICK14.151,
  author = {Alex Rudnick and Taylor Skidmore and Alberto Samaniego and Michael Gasser},
  title = {Guampa: a Toolkit for Collaborative Translation},
  booktitle = {Proceedings of the Ninth International Conference on Language Resources and Evaluation (LREC'14)},
  year = {2014},
  month = {may},
  date = {26-31},
  address = {Reykjavik, Iceland},
  editor = {Nicoletta Calzolari (Conference Chair) and Khalid Choukri and Thierry Declerck and Hrafn Loftsson and Bente Maegaard and Joseph Mariani and Asuncion Moreno and Jan Odijk and Stelios Piperidis},
  publisher = {European Language Resources Association (ELRA)},
  isbn = {978-2-9517408-8-4},
  language = {english}
 }
 
@article{hutchins:whiskey,
  author={John Hutchins},
  title = {{“The whiskey was invisible”, or persistent myths of MT}},
  journal={MT News International},
  pages = {17-18},
  number=11,
  month={June},
  year=1995,
  url={http://www.hutchinsweb.me.uk/MTNI-11-1995.pdf}
}

@inproceedings{sarrafzdadeh,
  author = {Bahareh Sarrafzadeh and Nikolay Yakovets and Nick Cercone and Aijun An},
  title = {Cross Lingual Word Sense Disambiguation for Languages with Scarce Resources}, 
  year = {2011},
  publisher = {York University},
  booktitle = {Technical Report CSE-2011-01},
  address = { Toronto, ON }
}

@InProceedings{vangompel-EtAl:2014:SemEval,
  author    = {van Gompel, Maarten  and  Hendrickx, Iris  and  van den Bosch, Antal  and  Lefever, Els  and  Hoste, Veronique},
  title     = {SemEval 2014 Task 5 - L2 Writing Assistant},
  booktitle = {Proceedings of the 8th International Workshop on Semantic Evaluation (SemEval 2014)},
  month     = {August},
  year      = {2014},
  address   = {Dublin, Ireland},
  publisher = {Association for Computational Linguistics and Dublin City University},
  pages     = {36--44},
  url       = {http://www.aclweb.org/anthology/S14-2005}
}

@article{DBLP:journals/cacm/Miller95,
  author    = {George A. Miller},
  title     = {WordNet: A Lexical Database for English},
  journal   = {Commun. ACM},
  volume    = {38},
  number    = {11},
  year      = {1995},
  pages     = {39-41},
  ee        = {http://doi.acm.org/10.1145/219717.219748},
  bibsource = {DBLP, http://dblp.uni-trier.de}
}

@article{leacock1998using,
  title={Using corpus statistics and WordNet relations for sense identification},
  author={Leacock, Claudia and Miller, George A and Chodorow, Martin},
  journal={Computational Linguistics},
  volume={24},
  number={1},
  pages={147--165},
  year={1998},
  publisher={MIT Press}
}

@inproceedings{Leacock:1993:CSS:1075671.1075730,
 author = {Leacock, Claudia and Towell, Geoffrey and Voorhees, Ellen},
 title = {Corpus-based Statistical Sense Resolution},
 booktitle = {Proceedings of the Workshop on Human Language Technology},
 series = {HLT '93},
 year = {1993},
 isbn = {1-55860-324-7},
 location = {Princeton, New Jersey},
 pages = {260--265},
 numpages = {6},
 url = {http://dx.doi.org/10.3115/1075671.1075730},
 doi = {10.3115/1075671.1075730},
 acmid = {1075730},
 publisher = {Association for Computational Linguistics},
 address = {Stroudsburg, PA, USA},
} 

@article{gale1992method,
  title={A method for disambiguating word senses in a large corpus},
  author={Gale, William A and Church, Kenneth W and Yarowsky, David},
  journal={Computers and the Humanities},
  volume={26},
  number={5-6},
  pages={415--439},
  year={1992},
  publisher={Springer}
}

@inproceedings{koehn2003statistical,
  title={Statistical phrase-based translation},
  author={Koehn, Philipp and Och, Franz Josef and Marcu, Daniel},
  booktitle={Proceedings of the 2003 Conference of the North American Chapter of the Association for Computational Linguistics on Human Language Technology-Volume 1},
  pages={48--54},
  year={2003},
  organization={Association for Computational Linguistics}
}

@INPROCEEDINGS{Kilgarriff98senseval,
    author = {Adam Kilgarriff},
    title = {{SENSEVAL: An Exercise in Evaluating Word Sense Disambiguation Programs}},
    booktitle = {Proceedings of the First International Conference on Language Resources and Evaluation (LREC'98)},
    year = {1998},
    pages = {581--588}
}

@InProceedings{edmonds-cotton:2001:SENSEVAL,
  author    = {Philip Edmonds  and  Scott Cotton},
  title     = {{SENSEVAL}-2: Overview},
  booktitle = {Proceedings of SENSEVAL-2 Second International Workshop on Evaluating Word Sense Disambiguation Systems},
  month     = {July},
  year      = {2001},
  address   = {Toulouse, France},
  publisher = {Association for Computational Linguistics},
  pages     = {1--5},
  url       = {http://www.aclweb.org/anthology/S01-1001}
}

@InProceedings{kilgarriff:2001:SENSEVAL,
  author    = {Adam Kilgarriff},
  title     = {English Lexical Sample Task Description},
  booktitle = {Proceedings of SENSEVAL-2 Second International Workshop on Evaluating Word Sense Disambiguation Systems},
  month     = {July},
  year      = {2001},
  address   = {Toulouse, France},
  publisher = {Association for Computational Linguistics},
  pages     = {17--20},
  url       = {http://www.aclweb.org/anthology/S01-1004}
}

@Book{SensEval:1998,
  editor    = {Adam Kilgariff  and  Martha Palmer},
  title     = {Proceedings of the Pilot SensEval},
  month     = {September},
  year      = {1998},
  address   = {Hermonceux Castle, Sussex, UK},
  publisher = {Association for Computational Linguistics},
  url       = {http://www.aclweb.org/anthology/S98-1}
}

@inproceedings{mihalcea-chklovski-kilgarriff:2004:Senseval-3,
  author    = {Mihalcea, Rada  and  Chklovski, Timothy  and  Kilgarriff, Adam},
  title     = {The Senseval-3 English lexical sample task},
  booktitle = {Senseval-3: Third International Workshop on the Evaluation of Systems for the Semantic Analysis of Text},
  editor = {Rada Mihalcea and Phil Edmonds},
  year      = 2004,
  month     = {July},
  address   = {Barcelona, Spain},
  publisher = {Association for Computational Linguistics},
  pages     = {25--28}
}

@inproceedings{chklovski-EtAl:2004:Senseval-3,
  author    = {Chklovski, Timothy  and  Mihalcea, Rada  and  Pedersen, Ted  and  Purandare, Amruta},
  title     = {{The Senseval-3 Multilingual English-Hindi Lexical Sample Task}},
  booktitle = {Senseval-3: Third International Workshop on the Evaluation of Systems for the Semantic Analysis of Text},
  editor = {Rada Mihalcea and Phil Edmonds},
  year      = 2004,
  month     = {July},
  address   = {Barcelona, Spain},
  publisher = {Association for Computational Linguistics},
  pages     = {5--8}
}

@inproceedings{Miller:1993:SC:1075671.1075742,
 author = {Miller, George A. and Leacock, Claudia and Tengi, Randee and Bunker, Ross T.},
 title = {A Semantic Concordance},
 booktitle = {Proceedings of the Workshop on Human Language Technology},
 series = {HLT '93},
 year = {1993},
 isbn = {1-55860-324-7},
 location = {Princeton, New Jersey},
 pages = {303--308},
 numpages = {6},
 url = {http://dx.doi.org/10.3115/1075671.1075742},
 doi = {10.3115/1075671.1075742},
 acmid = {1075742},
 publisher = {Association for Computational Linguistics},
 address = {Stroudsburg, PA, USA},
} 

@inproceedings{landes1998,
   author              = {Shari Landes and Claudia Leacock and Randee I Tengi},
   title               = {{Building Semantic Concordances}},
   booktitle           = {WordNet: An Electronic Lexical Database},
   year                = {1998},
   pages               = {199--216},
}

@inproceedings{passonneau2012masc,
  title={{The MASC word sense sentence corpus}},
  author={Passonneau, Rebecca J and Baker, Collin and Fellbaum, Christiane and Ide, Nancy},
  booktitle={Proceedings of LREC},
  year={2012}
}

@inproceedings{lesk,
  author = {Michael Lesk},
  title = {Automatic sense disambiguation using machine readable dictionaries: how to tell a pine cone from an ice cream cone.},
  booktitle = {Proceedings of the 5th Annual International Conference on Systems Documentation, SIGDOC ’86},
  publisher = {ACM},
  year = {1986},
  address = { New York, NY },
  pages     = {24--26},
  }

@article{moro2014entity,
  title={Entity Linking meets Word Sense Disambiguation: A Unified Approach},
  author={Moro, Andrea and Raganato, Alessandro and Navigli, Roberto},
  journal={Transactions of the Association for Computational Linguistics},
  volume={2},
  year={2014}
}

@InProceedings{collins-koehn-kucerova:2005:ACL,
  author    = {Collins, Michael  and  Koehn, Philipp  and  Kucerova, Ivona},
  title     = {Clause Restructuring for Statistical Machine Translation},
  booktitle = {Proceedings of the 43rd Annual Meeting of the Association for Computational Linguistics (ACL'05)},
  month     = {June},
  year      = {2005},
  address   = {Ann Arbor, Michigan},
  publisher = {Association for Computational Linguistics},
  pages     = {531--540},
  url       = {http://www.aclweb.org/anthology/P05-1066},
  doi       = {10.3115/1219840.1219906}
}

@book{coronel2002quechua,
  title={{Quechua Phrasebook}},
  author={Coronel-Molina, Serafín M.},
  isbn={9781864503814},
  series={Lonely Planet Phrasebook Guides},
  url={http://books.google.com/books?id=abVU6eRJpV4C},
  year={2002},
  publisher={Lonely Planet}
}

@inproceedings{Berger:1994:CSM:1075812.1075844,
 author = {Berger, Adam L. and Brown, Peter F. and Della Pietra, Stephen A. and Della Pietra, Vincent J. and Gillett, John R. and Lafferty, John D. and Mercer, Robert L. and Printz, Harry and Ure\v{s}, Lubo\v{s}},
 title = {The Candide System for Machine Translation},
 booktitle = {Proceedings of the Workshop on Human Language Technology},
 series = {HLT '94},
 year = {1994},
 isbn = {1-55860-357-3},
 location = {Plainsboro, NJ},
 pages = {157--162},
 numpages = {6},
 url = {http://dx.doi.org/10.3115/1075812.1075844},
 doi = {10.3115/1075812.1075844},
 acmid = {1075844},
 publisher = {Association for Computational Linguistics},
 address = {Stroudsburg, PA, USA},
} 

@techreport{cabezas2005using,
  title={{Using WSD Techniques for Lexical Selection in Statistical Machine Translation}},
  author={Cabezas, Clara and Resnik, Philip},
  year={2005},
  number={CS-TR-4736/LAMP-TR-124/UMIACS-TR-2005-42},
  institution={DTIC Document}
}

@InProceedings{gimpel-smith:2008:WMT,
  author    = {Gimpel, Kevin  and  Smith, Noah A.},
  title     = {Rich Source-Side Context for Statistical Machine Translation},
  booktitle = {Proceedings of the Third Workshop on Statistical Machine Translation},
  month     = {June},
  year      = {2008},
  address   = {Columbus, Ohio},
  publisher = {Association for Computational Linguistics},
  pages     = {9--17},
  url       = {http://www.aclweb.org/anthology/W/W08/W08-0302}
}

@InProceedings{mauser-hasan-ney:2009:EMNLP,
  author    = {Mauser, Arne  and  Hasan, Sa{\v{s}}a  and  Ney, Hermann},
  title     = {{Extending Statistical Machine Translation with Discriminative and Trigger-Based Lexicon Models}},
  booktitle = {Proceedings of the 2009 Conference on Empirical Methods in Natural Language Processing},
  month     = {August},
  year      = {2009},
  address   = {Singapore},
  publisher = {Association for Computational Linguistics},
  pages     = {210--218},
  url       = {http://www.aclweb.org/anthology/D/D09/D09-1022}
}

@article{tamchyna2014integrating,
  title={{Integrating a Discriminative Classifier into Phrase-based and Hierarchical Decoding}},
  author={Tamchyna, Ale{\v{s}} and Braune, Fabienne and Fraser, Alexander and Carpuat, Marine and Quirk, Chris},
  journal={The Prague Bulletin of Mathematical Linguistics},
  volume={101},
  number={1},
  pages={29--41},
  year={2014}
}

@InProceedings{vickrey-EtAl:2005:HLTEMNLP,
  author    = {Vickrey, David  and  Biewald, Luke  and  Teyssier, Marc  and  Koller, Daphne},
  title     = {{Word-Sense Disambiguation for Machine Translation}},
  booktitle = {Proceedings of Human Language Technology Conference and Conference on Empirical Methods in Natural Language Processing},
  month     = {October},
  year      = {2005},
  address   = {Vancouver, British Columbia, Canada},
  publisher = {Association for Computational Linguistics},
  pages     = {771--778},
  url       = {http://www.aclweb.org/anthology/H/H05/H05-1097}
}

@article{DBLP:journals/coling/BrownPPM94,
  author    = {Peter F. Brown and
               Stephen Della Pietra and
               Vincent J. Della Pietra and
               Robert L. Mercer},
  title     = {{The Mathematics of Statistical Machine Translation: Parameter Estimation}},
  journal   = {Computational Linguistics},
  volume    = {19},
  number    = {2},
  year      = {1993},
  pages     = {263-311},
  bibsource = {DBLP, http://dblp.uni-trier.de}
}

@inproceedings{Dinu07,
 author = {Georgiana Dinu and Sandra Kübler},
 title = {{Sometimes less is more: Romanian Word Sense Disambiguation Revisited}},
 booktitle = {Proceedings of the International Conference on Recent Advances in Natural Language Processing},
 year = 2007,
 location = {Borovets, Bulgaria},
 }

@InProceedings{ciaramita-altun:2006:EMNLP,
  author    = {Ciaramita, Massimiliano  and  Altun, Yasemin},
  title     = {{Broad-Coverage Sense Disambiguation and Information Extraction with a Supersense Sequence Tagger}},
  booktitle = {Proceedings of the 2006 Conference on Empirical Methods in Natural Language Processing},
  month     = {July},
  year      = {2006},
  address   = {Sydney, Australia},
  publisher = {Association for Computational Linguistics},
  pages     = {594--602},
  url       = {http://www.aclweb.org/anthology/W/W06/W06-1670}
}

@InProceedings{collins:2002:EMNLP02,
  author    = {Michael Collins},
  title     = {{Discriminative Training Methods for Hidden Markov Models: Theory and Experiments with Perceptron Algorithms}},
  booktitle = {Proceedings of the 2002 Conference on Empirical Methods in Natural Language Processing},
  month     = {July},
  year      = {2002},
  publisher = {Association for Computational Linguistics},
  pages     = {1--8},
  url       = {http://www.aclweb.org/anthology/W02-1001},
  doi       = {10.3115/1118693.1118694}
}

@article{DBLP:journals/tacl/0001RN14,
  author    = {Andrea Moro and
               Alessandro Raganato and
               Roberto Navigli},
  title     = {{Entity Linking meets Word Sense Disambiguation: a Unified Approach}},
  journal   = {TACL},
  volume    = {2},
  year      = {2014},
  pages     = {231-244},
}

@inproceedings{bickdan2eng,
  title={{Dan2eng: Wide-Coverage Danish-English Machine Translation}},
  author={Bick, Eckhard},
  booktitle={Machine Translation Summit XI},
  pages={37--43},
  year = 2007,
}

@inproceedings{brandt2011apertium,
  title={Apertium-IceNLP: A rule-based Icelandic to English machine translation system},
  author={Brandt, Martha D{\'\i}s and Loftsson, Hrafn and Sigur{\th}{\'o}rsson, Hlynur and Tyers, Francis M},
  booktitle={The 15th Annual Conference of the European Association for Machine Translation},
  year=2011,
}

@InProceedings{kurohashi:2001:SENSEVAL,
  author    = {Sadao Kurohashi},
  title     = {{SENSEVAL}-2 Japanese Translation Task},
  booktitle = {Proceedings of SENSEVAL-2 Second International Workshop on Evaluating Word Sense Disambiguation Systems},
  month     = {July},
  year      = {2001},
  address   = {Toulouse, France},
  publisher = {Association for Computational Linguistics},
  pages     = {37--40},
  url       = {http://www.aclweb.org/anthology/S01-1009}
}

@InProceedings{ng-chan:2007:SemEval-2007,
  author    = {Ng, Hwee Tou  and  Chan, Yee Seng},
  title     = {SemEval-2007 Task 11: English Lexical Sample Task via English-Chinese Parallel Text},
  booktitle = {Proceedings of the Fourth International Workshop on Semantic Evaluations (SemEval-2007)},
  month     = {June},
  year      = {2007},
  address   = {Prague, Czech Republic},
  publisher = {Association for Computational Linguistics},
  pages     = {54--58},
  url       = {http://www.aclweb.org/anthology/S/S07/S07-1010}
}

@InProceedings{jin-wu-yu:2007:SemEval-2007,
  author    = {Jin, Peng  and  Wu, Yunfang  and  Yu, Shiwen},
  title     = {SemEval-2007 Task 05: Multilingual Chinese-English Lexical Sample},
  booktitle = {Proceedings of the Fourth International Workshop on Semantic Evaluations (SemEval-2007)},
  month     = {June},
  year      = {2007},
  address   = {Prague, Czech Republic},
  publisher = {Association for Computational Linguistics},
  pages     = {19--23},
  url       = {http://www.aclweb.org/anthology/S/S07/S07-1004}
}

@InProceedings{koehn-hoang:2007:EMNLP-CoNLL2007,
  author    = {Koehn, Philipp  and  Hoang, Hieu},
  title     = {Factored Translation Models},
  booktitle = {Proceedings of the 2007 Joint Conference on Empirical Methods in Natural Language Processing and Computational Natural Language Learning (EMNLP-CoNLL)},
  month     = {June},
  year      = {2007},
  address   = {Prague, Czech Republic},
  publisher = {Association for Computational Linguistics},
  pages     = {868--876},
  url       = {http://www.aclweb.org/anthology/D/D07/D07-1091}
}

@mastersthesis{chrisloza,
  author = {Christian E. Loza},
  title = {{Cross Language Information Retrieval For Languages with Scarce Resources}},
  year = 2009,
  school = {University of North Texas}
}

@inproceedings{nigam1999using,
  title={Using maximum entropy for text classification},
  author={Nigam, Kamal and Lafferty, John and McCallum, Andrew},
  booktitle={IJCAI-99 workshop on machine learning for information filtering},
  volume={1},
  pages={61--67},
  year={1999}
}

@inproceedings{ng2004feature,
  title={{Feature selection, L1 vs. L2 regularization, and rotational invariance}},
  author={Ng, Andrew Y},
  booktitle={{Proceedings of the Twenty-First International Conference on Machine Learning}},
  pages={78},
  year={2004},
}

@inproceedings{mikolovword2vec,
  title = {{Distributed Representations of Words and Phrases and their Compositionality}},
  author = {Mikolov, Tomas and Sutskever, Ilya and Chen, Kai and Corrado, Greg S and Dean, Jeff},
  booktitle = {{Advances in Neural Information Processing Systems 26}},
  pages = {3111--3119},
  year = {2013},
}

@InProceedings{dyer-EtAl:2011:ACL-HLT2011,
  author    = {Dyer, Chris  and  Clark, Jonathan H.  and  Lavie, Alon  and  Smith, Noah A.},
  title     = {Unsupervised Word Alignment with Arbitrary Features},
  booktitle = {Proceedings of the 49th Annual Meeting of the Association for Computational Linguistics: Human Language Technologies},
  month     = {June},
  year      = {2011},
  address   = {Portland, Oregon, USA},
  publisher = {Association for Computational Linguistics},
  pages     = {409--419},
  url       = {http://www.aclweb.org/anthology/P11-1042}
}


@InProceedings{dyer-chahuneau-smith:2013:NAACL-HLT,
  author    = {Dyer, Chris  and  Chahuneau, Victor  and  Smith, Noah A.},
  title     = {A Simple, Fast, and Effective Reparameterization of IBM Model 2},
  booktitle = {Proceedings of the 2013 Conference of the North American Chapter of the Association for Computational Linguistics: Human Language Technologies},
  month     = {June},
  year      = {2013},
  address   = {Atlanta, Georgia},
  publisher = {Association for Computational Linguistics},
  pages     = {644--648},
  url       = {http://www.aclweb.org/anthology/N13-1073}
}

@inproceedings{och1999efficient,
  title={An efficient method for determining bilingual word classes},
  author={Och, Franz Josef},
  booktitle={Proceedings of the ninth conference on European chapter of the Association for Computational Linguistics},
  pages={71--76},
  year={1999},
  organization={Association for Computational Linguistics}
}

@InProceedings{koehn-EtAl:2007:PosterDemo,
  author    = {Koehn, Philipp  and  Hoang, Hieu  and  Birch, Alexandra  and  Callison-Burch, Chris  and  Federico, Marcello  and  Bertoldi, Nicola  and  Cowan, Brooke  and  Shen, Wade  and  Moran, Christine  and  Zens, Richard  and  Dyer, Chris  and  Bojar, Ondrej  and  Constantin, Alexandra  and  Herbst, Evan},
  title     = {Moses: Open Source Toolkit for Statistical Machine Translation},
  booktitle = {Proceedings of the 45th Annual Meeting of the Association for Computational Linguistics Companion Volume Proceedings of the Demo and Poster Sessions},
  month     = {June},
  year      = {2007},
  address   = {Prague, Czech Republic},
  publisher = {Association for Computational Linguistics},
  pages     = {177--180},
  url       = {http://www.aclweb.org/anthology/P07-2045}
}

@article{baroni2014don,
  title={{Don’t count, predict! A systematic comparison of context-counting vs.  context-predicting semantic vectors}},
  author={Baroni, Marco and Dinu, Georgiana and Kruszewski, Germ{\'a}n},
  journal={Proceedings of Association for Computational Linguistics (ACL)},
  volume={1},
  year={2014}
}

@inproceedings{dai-document-embedding-2015,
title = {{Document embedding with paragraph vectors}},
author  = {Andrew M. Dai and Christopher Olah and Quoc V. Le},
year  = 2015,
booktitle = {NIPS Deep Learning Workshop}
}

@inproceedings{quocle-distributed-representations-2014,
title = {{Distributed Representations of Sentences and Documents}},
author  = {Quoc V. Le and Tomas Mikolov},
year  = 2014,
booktitle = {International Conference on Machine Learning}
}

@inproceedings{rehurek-lrec,
        title = {{Software Framework for Topic Modelling with Large Corpora}},
        author = {Radim {\v R}eh{\r u}{\v r}ek and Petr Sojka},
        booktitle = {{Proceedings of the LREC 2010 Workshop on New Challenges for NLP Frameworks}},
        pages = {45--50},
        year = 2010,
        publisher = {ELRA},
        address = {Valletta, Malta},
}

@article{van2008visualizing,
  title={Visualizing data using t-SNE},
  author={van der Maaten, Laurens and Hinton, Geoffrey},
  journal={The Journal of Machine Learning Research},
  volume={9},
  number={2579-2605},
  pages={85},
  year={2008}
}

@INPROCEEDINGS{Nivre06maltparser:a,
    author = {Joakim Nivre and Johan Hall and Jens Nilsson},
    title = {{MaltParser: A data-driven parser-generator for dependency parsing}},
    booktitle = {In Proc. of LREC-2006},
    year = {2006},
    pages = {2216--2219}
}

@InProceedings{MARIMON12.519,
  author = {Montserrat Marimon and Beatríz Fisas and Núria Bel and Marta Villegas and Jorge Vivaldi and Sergi Torner and Mercè Lorente and Silvia Vázquez and Marta Villegas},
  title = {The IULA Treebank},
  booktitle = {Proceedings of the Eight International Conference on Language Resources and Evaluation (LREC'12)},
  year = {2012},
  month = {may},
  date = {23-25},
  address = {Istanbul, Turkey},
  editor = {Nicoletta Calzolari (Conference Chair) and Khalid Choukri and Thierry Declerck and Mehmet Uğur Doğan and Bente Maegaard and Joseph Mariani and Asuncion Moreno and Jan Odijk and Stelios Piperidis},
  publisher = {European Language Resources Association (ELRA)},
  isbn = {978-2-9517408-7-7},
  language = {english}
}

@InProceedings{PETROV12.274,
  author = {Slav Petrov and Dipanjan Das and Ryan McDonald},
  title = {A Universal Part-of-Speech Tagset},
  booktitle = {Proceedings of the Eight International Conference on Language Resources and Evaluation (LREC'12)},
  year = {2012},
  month = {may},
  date = {23-25},
  address = {Istanbul, Turkey},
  editor = {Nicoletta Calzolari (Conference Chair) and Khalid Choukri and Thierry Declerck and Mehmet Uğur Doğan and Bente Maegaard and Joseph Mariani and Asuncion Moreno and Jan Odijk and Stelios Piperidis},
  publisher = {European Language Resources Association (ELRA)},
  isbn = {978-2-9517408-7-7},
  language = {english}
}
