@InProceedings{rudnick-liu-gasser:2013:SemEval-2013,
  author    = {Rudnick, Alex  and  Liu, Can  and  Gasser, Michael},
  title     = {{HLTDI: CL-WSD Using Markov Random Fields for SemEval-2013 Task 10}},
  booktitle = {Second Joint Conference on Lexical and Computational Semantics (*SEM), Volume 2: Proceedings of the Seventh International Workshop on Semantic Evaluation (SemEval 2013)},
  year      = {2013},
}

@InProceedings{rudnick-gasser:2013:HyTra-2013,
  author    = {Rudnick, Alex and  Gasser, Michael},
  title     = {{Lexical Selection for Hybrid MT with Sequence Labeling}},
  booktitle = {Second Workshop on Hybrid Approaches to Translation (HyTra 2013)},
  year      = {2013},
}


@inproceedings{gasser:sxdg,
  author = {Michael Gasser},
  title = {{Towards synchronous Extensible Dependency Grammar}},
  booktitle = {International Workshop on Free/Open-Source Rule-Based Machine Translation},
  year = 2011,
}

@inproceedings{gasser:aflat2012,
  author = {Michael Gasser},
  title = {{Toward a Rule-Based System for English-Amharic Translation}},
  booktitle = {LREC-2012: SALTMIL-AfLaT Workshop on “Language technology for normalisation of less-resourced languages”},
  year = 2012,
}

@INPROCEEDINGS{Brown91word-sensedisambiguation,
    author = {Peter F. Brown and Stephen A. Della Pietra and Vincent J. Della Pietra and Robert L. Mercer},
    title = {{Word-Sense Disambiguation Using Statistical Methods}},
    booktitle = {Proceedings of the 29th Annual Meeting of the Association for Computational Linguistics},
    year = {1991},
    pages = {264--270}
}

@InProceedings{rudnick:2011:RANLPStud,
  author    = {Rudnick, Alex},
  title     = {{Towards Cross-Language Word Sense Disambiguation for Quechua}},
  booktitle = {Proceedings of the Second Student Research Workshop associated with RANLP 2011},
  month     = {September},
  year      = {2011},
  address   = {Hissar, Bulgaria},
  publisher = {RANLP 2011 Organising Committee},
  pages     = {133--138},
  url       = {http://aclweb.org/anthology/R11-2021}
}

@InProceedings{lefever-hoste-decock:2011:ACL-HLT2011,
  author    = {Lefever, Els  and  Hoste, Véronique  and  De Cock, Martine},
  title     = {{ParaSense or How to Use Parallel Corpora for Word Sense Disambiguation}},
  booktitle = {Proceedings of the 49th Annual Meeting of the Association for Computational Linguistics: Human Language Technologies},
  month     = {June},
  year      = {2011},
  address   = {Portland, Oregon, USA},
  publisher = {Association for Computational Linguistics},
  pages     = {317--322},
  url       = {http://www.aclweb.org/anthology/P11-2055}
}

@article{weavermemo,
  title={Translation},
  author={Weaver, Warren},
  year={1949},
}

@inbook{wsdchap3,
  author = {Nancy Ide and Yorick Wilks},
  chapter = {{Making Sense About Sense}},
  crossref = {agirre2006word}
}

@book{agirre2006word,
  title={Word sense disambiguation: Algorithms and applications},
  author={Agirre, Eneko and Edmonds, Philip Glenny},
  volume={33},
  year={2006},
  publisher={Springer Science+ Business Media}
}

@InProceedings{task10,
  author    = {Lefever, Els and Hoste, V\'{e}ronique},
  title     = {{SemEval-2013 Task 10: Cross-Lingual Word Sense Disambiguation}},
  booktitle = {Proceedings of the 7th International Workshop on Semantic Evaluation (SemEval 2013)},
  address   = {Atlanta, USA},
  year      = {2013},
}

@InProceedings{carpuat-wu:2007:EMNLP-CoNLL2007,
  author    = {Carpuat, Marine  and  Wu, Dekai},
  title     = {Improving Statistical Machine Translation Using Word Sense Disambiguation},
  booktitle = {Proceedings of the 2007 Joint Conference on Empirical Methods in Natural Language Processing and Computational Natural Language Learning (EMNLP-CoNLL)},
  pages     = {61--72},
  year      = 2007,
  url       = {http://www.aclweb.org/anthology/D/D07/D07-1007}
}

@article{carpuat2008evaluation,
  title={Evaluation of context-dependent phrasal translation lexicons for statistical machine translation},
  author={Carpuat, Marine and Wu, Dekai},
  journal={6th International Conference on Language Resources and Evaluation (LREC). Marrakech},
  year={2008}
}

@inproceedings{tyers-fst, 
  author = {Tyers, F. M. and S\'anchez-Mart\'inez, F. and Forcada, M. L.},
  year = {2012},
  title = {{Flexible finite-state lexical selection for rule-based machine translation}},
  booktitle = {{Proceedings of the 17th Annual Conference of the European Association of Machine Translation, EAMT12}},
}

@phdthesis{tyers-thesis,
    author = {Francis M. Tyers},
    title = {Feasible lexical selection for rule-based machine translation},
    school = {Departament de Llenguatges i Sistemes Infomàtics, Universitat d'Alacant, Spain},
    year = 2013,
}

@inproceedings{ambati_naacl,
 author = {Ambati, Vamshi and Vogel, Stephan},
 title = {Can crowds build parallel corpora for machine translation systems?},
 booktitle = {Proceedings of the NAACL HLT 2010 Workshop on Creating Speech and Language Data with Amazon's Mechanical Turk},
 year = {2010},
 location = {Los Angeles, California},
 publisher = {Association for Computational Linguistics},
 address = {Stroudsburg, PA, USA},
} 

@InProceedings{ambati_act,
  author    = {Vamshi Ambati and Stephan Vogel and Jaime Carbonell},
  title     = {Active Learning and Crowd-Sourcing for Machine Translation},
  booktitle = {Proceedings of the LREC 2010},
  month     = {May},
  year      = {2010},
  address   = {Malta}
}

@InProceedings{ambati-vogel-carbonell:2010:Short,
  author    = {Ambati, Vamshi  and  Vogel, Stephan  and  Carbonell, Jaime},
  title     = {Active Learning-Based Elicitation for Semi-Supervised Word Alignment},
  booktitle = {Proceedings of the ACL 2010 Conference Short Papers},
  month     = {July},
  year      = {2010},
  address   = {Uppsala, Sweden},
  publisher = {Association for Computational Linguistics},
  pages     = {365--370},
  url       = {http://www.aclweb.org/anthology/P10-2067}
}

@InProceedings{lefever-hoste:2009:SEW,
  author    = {Lefever, Els  and  Hoste, V\'{e}ronique},
  title     = {{SemEval-2010 Task 3: Cross-lingual Word Sense Disambiguation}},
  booktitle = {Proceedings of the Workshop on Semantic Evaluations: Recent Achievements and Future Directions (SEW-2009)},
  month     = {June},
  year      = {2009},
  address   = {Boulder, Colorado},
  publisher = {Association for Computational Linguistics},
  pages     = {82--87},
  url       = {http://www.aclweb.org/anthology/W09-2413}
}

@InProceedings{guo-diab:2010:SemEval,
  author    = {Guo, Weiwei  and  Diab, Mona},
  title     = {{COLEPL and COLSLM: An Unsupervised WSD Approach to Multilingual Lexical Substitution, Tasks 2 and 3 SemEval 2010}},
  booktitle = {Proceedings of the 5th International Workshop on Semantic Evaluation},
  month     = {July},
  year      = {2010},
  address   = {Uppsala, Sweden},
  publisher = {Association for Computational Linguistics},
  pages     = {129--133},
  url       = {http://www.aclweb.org/anthology/S10-1026}
}

@InProceedings{maarten,
  author    = {Maarten van Gompel and Antal van den Bosch},
  title     = {{WSD2: Parameter optimisation for Memory-based Cross-Lingual Word-Sense Disambiguation}},
  booktitle = {Proceedings of the 7th International Workshop on Semantic Evaluation (SemEval 2013)},
  address   = {Atlanta, USA},
  year      = {2013},
}

@InProceedings{marine,
  author    = {Marine Carpuat},
  title     = {{NRC: A Machine Translation Approach to Cross-Lingual Word Sense Disambiguation (SemEval-2013 Task 10)}},
  booktitle = {Proceedings of the 7th International Workshop on Semantic Evaluation (SemEval 2013)},
  address   = {Atlanta, USA},
  year      = {2013},
}

@article{DBLP:journals/csur/Navigli09,
  author    = {Roberto Navigli},
  title     = {{Word sense disambiguation: A survey}},
  journal   = {ACM Comput. Surv.},
  volume    = {41},
  number    = {2},
  year      = {2009},
  ee        = {http://doi.acm.org/10.1145/1459352.1459355},
  bibsource = {DBLP, http://dblp.uni-trier.de}
}

@inproceedings{improvingsmtwsd,
 author = {Marine Carpuat and Dekai Wu},
 title = {{Improving Statistical Machine Translation using Word Sense Disambiguation}},
 booktitle = {Proceedings of the 2007 Joint Conference on Empirical Methods in Natural Language Processing and Computational Natural Language Learning},
 year = {2007},
 location = {Prague},
 publisher = {ACL},
 }

@inproceedings{carpuatpsd,
    author = {Marine Carpuat and Dekai Wu},
    title = {{How Phrase Sense Disambiguation Outperforms Word Sense Disambiguation for Statistical Machine Translation}},
    booktitle = {11th Conference on Theoretical and Methodological Issues in Machine Translation},
    year = {2007},
}

@InProceedings{lefeversemeval,
  author    = {Els Lefever and  V\'{e}ronique Hoste},
  title     = {{SemEval-2010 Task 3: Cross-Lingual Word Sense Disambiguation}},
  booktitle = {Proceedings of the 5th International Workshop on Semantic Evaluation},
  month     = {July},
  year      = {2010},
  address   = {Uppsala, Sweden},
  publisher = {Association for Computational Linguistics},
  pages     = {15--20},
  url       = {http://www.aclweb.org/anthology/S10-1003}
}

@book{nltkbook, 
  author = {Steven Bird and Ewan Klein and Edward Loper}, 
  title = {{Natural Language Processing with Python}}, 
  publisher = {O'Reilly Media}, 
  year = 2009 
} 

@InProceedings{denero-klein:2007:ACLMain,
  author    = {DeNero, John  and  Klein, Dan},
  title     = {{Tailoring Word Alignments to Syntactic Machine Translation}},
  booktitle = {Proceedings of the 45th Annual Meeting of the Association of Computational Linguistics},
  month     = {June},
  year      = {2007},
  address   = {Prague, Czech Republic},
  publisher = {Association for Computational Linguistics},
  pages     = {17--24},
  url       = {http://www.aclweb.org/anthology/P07-1003}
}

@Unpublished{daume04cg-bfgs,
  author =       {Hal {Daum\'e III}},
  title =        {Notes on {CG} and {LM-BFGS} Optimization of Logistic Regression},
  month =     {August},
  keywords = {ml},
  year =      {2004}
}

@INPROCEEDINGS{Toutanova03feature-richpart-of-speech,
    author = {Kristina Toutanova and Dan Klein and Christopher D. Manning and Yoram Singer},
    title = {{Feature-Rich Part-of-Speech Tagging with a Cyclic Dependency Network}},
    booktitle = {PROCEEDINGS OF HLT-NAACL },
    year = {2003},
    pages = {252--259},
    publisher = {}
}

@INPROCEEDINGS{Schmid95improvementsin,
    author = {Helmut Schmid},
    title = {{Improvements In Part-of-Speech Tagging With an Application To German}},
    booktitle = {Proceedings of the ACL SIGDAT-Workshop},
    year = {1995},
    pages = {47--50}
}

@INPROCEEDINGS{europarl,
    author = {Philipp Koehn},
    title = {{Europarl: A Parallel Corpus for Statistical Machine Translation}},
    booktitle = {Proceedings of The Tenth Machine Translation Summit},
    year = {2005},
    address = {Phuket, Thailand},
}

@inproceedings{DBLP:conf/uai/MurphyWJ99,
  author    = {Kevin P. Murphy and
               Yair Weiss and
               Michael I. Jordan},
  title     = {{Loopy Belief Propagation for Approximate Inference: An Empirical Study}},
  booktitle = {UAI '99: Proceedings of the Fifteenth Conference on Uncertainty in Artificial Intelligence},
  year      = {1999},
  address = {Stockholm, Sweden},
}

@book{Koller+Friedman:09,
  title = {{Probabilistic Graphical Models: Principles and Techniques}},
  author = {D. Koller and N. Friedman},
  year = 2009,
  publisher = {MIT Press},
}

@InProceedings{post-callisonburch-osborne:2012:WMT,
  author    = {Post, Matt  and  Callison-Burch, Chris  and  Osborne, Miles},
  title     = {Constructing Parallel Corpora for Six Indian Languages via Crowdsourcing},
  booktitle = {Proceedings of the Seventh Workshop on Statistical Machine Translation},
  month     = {June},
  year      = {2012},
  address   = {Montr{\'e}al, Canada},
  publisher = {Association for Computational Linguistics},
  pages     = {401--409},
  url       = {http://www.aclweb.org/anthology/W12-3152}
}

@inproceedings{Dyer_etal_2010,
  author={Chris Dyer and Adam Lopez
         and Juri Ganitkevitch and Johnathan Weese and Ferhan Ture
         and Phil Blunsom and Hendra Setiawan and Vladimir Eidelman and Philip Resnik},
  title={cdec: A Decoder, Alignment, and Learning framework for finite-state and context-free translation models},
  booktitle = {Proceedings of ACL},
  year={2010},
}

@InProceedings{toutanova-suzuki-ruopp:2008:ACLMain,
  author    = {Toutanova, Kristina  and  Suzuki, Hisami  and  Ruopp, Achim},
  title     = {Applying Morphology Generation Models to Machine Translation},
  booktitle = {Proceedings of ACL-08: HLT},
  month     = {June},
  year      = {2008},
  address   = {Columbus, Ohio},
  publisher = {Association for Computational Linguistics},
  pages     = {514--522},
  url       = {http://www.aclweb.org/anthology/P/P08/P08-1059}
}

@InProceedings{vintar-fivser-vrvsvcaj:2012:ESIRMT-HyTra2012,
  author    = {Vintar, \v{S}pela  and  Fi\v{s}er, Darja  and  Vr\v{s}\v{c}aj, Aljo\v{s}a},
  title     = {Were the clocks striking or surprising? Using WSD to improve MT performance},
  booktitle = {Proceedings of the Joint Workshop on Exploiting Synergies between Information Retrieval and Machine Translation (ESIRMT) and Hybrid Approaches to Machine Translation (HyTra)},
  month     = {April},
  year      = {2012},
  address   = {Avignon, France},
  publisher = {Association for Computational Linguistics},
  pages     = {87--92},
  url       = {http://www.aclweb.org/anthology/W12-0112}
}

@inproceedings{DBLP:conf/iberamia/MolinaPS02,
  author    = {Antonio Molina and
               Ferran Pla and
               Encarna Segarra},
  title     = {{A Hidden Markov Model Approach to Word Sense Disambiguation}},
  booktitle = {IBERAMIA},
  year      = {2002},
  ee        = {http://dx.doi.org/10.1007/3-540-36131-6_67},
}

@InProceedings{riosgonzales-gohring:2013:HyTra,
  author    = {Rios Gonzales, Annette  and  G\"{o}hring, Anne},
  title     = {{Machine Learning Disambiguation of Quechua Verb Morphology}},
  booktitle = {Proceedings of the Second Workshop on Hybrid Approaches to Translation},
  month     = {August},
  year      = {2013},
  address   = {Sofia, Bulgaria},
  publisher = {Association for Computational Linguistics},
  pages     = {13--18},
  url       = {http://www.aclweb.org/anthology/W13-2804}
}

@book{slp1,
 author = {Jurafsky, Daniel and Martin, James H.},
 title = {{Speech and Language Processing: An Introduction to Natural Language Processing, Computational Linguistics, and Speech Recognition}},
 year = {2000},
 isbn = {0130950696},
 edition = {1st},
 publisher = {Prentice Hall PTR},
 address = {Upper Saddle River, NJ, USA},
} 

@inproceedings{icml00/mccallum,
  author = {McCallum, Andrew and Freitag, Dayne and Pereira, Fernando C. N.},
  booktitle = {Proceedings of the 17th International Conference on Machine Learning (ICML 2000)},
  pages = {591--598},
  title = {{Maximum Entropy Markov Models for Information Extraction and Segmentation}},
  year = 2000
}

@article{lafferty2001conditional,
  title={Conditional random fields: Probabilistic models for segmenting and labeling sequence data},
  author={Lafferty, John and McCallum, Andrew and Pereira, Fernando CN},
  year={2001}
}

@book{hutchins1992introduction,
  title={An introduction to machine translation},
  author={Hutchins, W.J. and Somers, H.L.},
  isbn={9780123628305},
  url={http://books.google.com/books?id=0ZhrAAAAIAAJ},
  year=1992,
  publisher={Academic Press}
}

@INPROCEEDINGS{Forcada_theapertium,
    author = {Mikel L. Forcada and Francis M. Tyers and Gema Ramírez-Sánchez},
    title = {{The Apertium machine translation platform: five years on}},
    booktitle = {{First International Workshop on Free/Open-Source Rule-Based Machine Translation 2009}},
    year = 2009,
}

@inproceedings{matxin_2005,
    author = {I{\~n}aki Alegria and Arantza Diaz de Ilarraza and Gorka Labaka and Mikel Lersundi and Aingeru Mayor and Kepa Sarasola and Mikel L.  Forcada and Sergio Ortiz Rojas and Lluís Padró},
    year = 2005,
    title = {{An Open Architecture for Transfer-based Machine Translation between Spanish and Basque}},
    booktitle = {{Workshop on Open-source machine translation at Machine Translation Summit X}}
}

@inproceedings{DBLP:conf/cicling/Lavie08,
  author    = {Alon Lavie},
  title     = {{Stat-XFER: A General Search-Based Syntax-Driven Framework for Machine Translation}},
  booktitle = {CICLing},
  year      = {2008},
  pages     = {362-375},
}

@InProceedings{weese-EtAl:2011:WMT,
  author    = {Weese, Jonathan  and  Ganitkevitch, Juri  and  Callison-Burch, Chris  and  Post, Matt  and  Lopez, Adam},
  title     = {Joshua 3.0: Syntax-based Machine Translation with the Thrax Grammar Extractor},
  booktitle = {Proceedings of the Sixth Workshop on Statistical Machine Translation},
  month     = {July},
  year      = {2011},
  address   = {Edinburgh, Scotland},
  publisher = {Association for Computational Linguistics},
  pages     = {478--484},
  url       = {http://www.aclweb.org/anthology/W11-2160}
}

@InProceedings{saers-addanki-wu:2013:HyTra,
  author    = {Saers, Markus  and  Addanki, Karteek  and  Wu, Dekai},
  title     = {Unsupervised Transduction Grammar Induction via Minimum Description Length},
  booktitle = {Proceedings of the Second Workshop on Hybrid Approaches to Translation},
  month     = {August},
  year      = {2013},
  address   = {Sofia, Bulgaria},
  publisher = {Association for Computational Linguistics},
  pages     = {67--73},
  url       = {http://www.aclweb.org/anthology/W13-2810}
}

@InProceedings{zollmann-venugopal:2006:WMT,
  author    = {Zollmann, Andreas  and  Venugopal, Ashish},
  title     = {Syntax Augmented Machine Translation via Chart Parsing},
  booktitle = {Proceedings on the Workshop on Statistical Machine Translation},
  month     = {June},
  year      = {2006},
  address   = {New York City},
  publisher = {Association for Computational Linguistics},
  pages     = {138--141},
  url       = {http://www.aclweb.org/anthology/W/W06/W06-3119}
}

@InProceedings{och:2003:ACL,
  author    = {Franz Josef Och},
  title     = {Minimum Error Rate Training in Statistical Machine Translation},
  booktitle = {Proceedings of the 41st Annual Meeting of the Association for Computational Linguistics},
  month     = {July},
  year      = {2003},
  address   = {Sapporo, Japan},
  publisher = {Association for Computational Linguistics},
  pages     = {160--167},
  url       = {http://www.aclweb.org/anthology/P03-1021},
  doi       = {10.3115/1075096.1075117}
}

@inproceedings{barhillel1960,
  title={{The Present Status of Automatic Translation of Languages}},
  author={Yehoshua Bar-Hillel},
  year={1960},
}

@article{majid2007semantic,
  title={The semantic categories of cutting and breaking events: A crosslinguistic perspective},
  author={Majid, Asifa and Bowerman, Melissa and Staden, Miriam van and Boster, James S},
  journal={Cognitive Linguistics},
  volume={18},
  number={2},
  pages={133--152},
  year={2007}
}

@InProceedings{chahuneau:2013:emnlp,
  author    = {Victor Chahuneau and Eva Schlinger and Noah A. Smith and Chris Dyer},
  title     = {{Translating into Morphologically Rich Languages with Synthetic Phrases}},
  booktitle = {Proceedings of the 2013 Conference on Empirical Methods in Natural Language Processing (EMNLP)},
  year      = 2013,
}

@InProceedings{yeniterzi-oflazer:2010:ACL,
  author    = {Yeniterzi, Reyyan  and  Oflazer, Kemal},
  title     = {{Syntax-to-Morphology Mapping in Factored Phrase-Based Statistical Machine Translation from English to Turkish}},
  booktitle = {Proceedings of the 48th Annual Meeting of the Association for Computational Linguistics},
  month     = {July},
  year      = {2010},
  address   = {Uppsala, Sweden},
  publisher = {Association for Computational Linguistics},
  pages     = {454--464},
  url       = {http://www.aclweb.org/anthology/P10-1047}
}

@InProceedings{lefever-hoste:2010:SemEval,
  author    = {Lefever, Els  and  Hoste, V\'{e}ronique},
  title     = {SemEval-2010 Task 3: Cross-Lingual Word Sense Disambiguation},
  booktitle = {Proceedings of the 5th International Workshop on Semantic Evaluation},
  month     = {July},
  year      = {2010},
  address   = {Uppsala, Sweden},
  publisher = {Association for Computational Linguistics},
  pages     = {15--20},
  url       = {http://www.aclweb.org/anthology/S10-1003}
}

@article{brown1992class,
  title={Class-based n-gram models of natural language},
  author={Brown, Peter F and Desouza, Peter V and Mercer, Robert L and Pietra, Vincent J Della and Lai, Jenifer C},
  journal={Computational linguistics},
  volume={18},
  number={4},
  pages={467--479},
  year={1992},
  publisher={MIT Press}
}
 
@unpublished{McCallumMALLET,
  author = "Andrew Kachites McCallum",
  title = "MALLET: A Machine Learning for Language Toolkit",
  note = "http://mallet.cs.umass.edu",
  year = 2002
}

@InProceedings{vzabokrtsky-popel-marevcek:2010:WMT,
  author    = {Žabokrtsk\'{y}, Zden\v{e}k  and  Popel, Martin  and  Mare\v{c}ek, David},
  title     = {Maximum Entropy Translation Model in Dependency-Based MT Framework},
  booktitle = {Proceedings of the Joint Fifth Workshop on Statistical Machine Translation and MetricsMATR},
  month     = {July},
  year      = {2010},
  address   = {Uppsala, Sweden},
  publisher = {Association for Computational Linguistics},
  pages     = {201--206},
  url       = {http://www.aclweb.org/anthology/W10-1730}
}

@book{koehn2010statistical,
  title={Statistical Machine Translation},
  author={Philipp Koehn},
  isbn={9780521874151},
  lccn={2010294134},
  year={2010},
  publisher={Cambridge University Press}
}

@inproceedings{Heafield-estimate,
  author = {Kenneth Heafield and Ivan Pouzyrevsky and Jonathan H. Clark and Philipp Koehn},
  title = {Scalable Modified {Kneser-Ney} Language Model Estimation},
  year = {2013},
  month = {August},
  booktitle = {Proceedings of the 51st Annual Meeting of the Association for Computational Linguistics},
  address = {Sofia, Bulgaria},
  url = {http://kheafield.com/professional/edinburgh/estimate\_paper.pdf},
}
